@article{ref1,
	title={ANÁLISE DA QUALIDADE DE SOFTWARE UTILIZANDO
AS NORMAS 12207, 15504, ISO 9000-3
E OS MODELOS CMM/CMMI e MPS.BR
},
	author={Ana Carla Fernandes Maciel1, Carmem Valls1, Márcia Maria Savoine2},
	journal={Revista Científica do ITPAC, Araguaína},
	volume={4},
	year={2011}
}

